<?xml version="1.0" encoding="UTF-8"?>
  <record xmlns="http://www.loc.gov/MARC21/slim" type="Authority">
    <leader>00000nz  a2200000nc 4500</leader>
    <controlfield tag="001">121232840</controlfield>
    <controlfield tag="003">DE-101</controlfield>
    <controlfield tag="005">20180124005749.0</controlfield>
    <controlfield tag="008">990714n||azznnaabn           | aaa    |c</controlfield>
    <datafield tag="024" ind1="7" ind2=" ">
      <subfield code="a">121232840</subfield>
      <subfield code="0">http://d-nb.info/gnd/121232840</subfield>
      <subfield code="2">gnd</subfield>
    </datafield>
    <datafield tag="035" ind1=" " ind2=" ">
      <subfield code="a">(DE-101)121232840</subfield>
    </datafield>
    <datafield tag="035" ind1=" " ind2=" ">
      <subfield code="a">(DE-588)121232840</subfield>
    </datafield>
    <datafield tag="035" ind1=" " ind2=" ">
      <subfield code="z">(DE-588)1089907915</subfield>
    </datafield>
    <datafield tag="035" ind1=" " ind2=" ">
      <subfield code="z">(DE-588)1089819900</subfield>
    </datafield>
    <datafield tag="035" ind1=" " ind2=" ">
      <subfield code="z">(DE-588)1089306776</subfield>
    </datafield>
    <datafield tag="035" ind1=" " ind2=" ">
      <subfield code="z">(DE-588a)121232840</subfield>
      <subfield code="9">v:zg</subfield>
    </datafield>
    <datafield tag="035" ind1=" " ind2=" ">
      <subfield code="z">(DE-588c)4552167-0</subfield>
      <subfield code="9">v:zg</subfield>
    </datafield>
    <datafield tag="040" ind1=" " ind2=" ">
      <subfield code="a">DE-12</subfield>
      <subfield code="c">DE-12</subfield>
      <subfield code="9">r:DE-12</subfield>
      <subfield code="b">ger</subfield>
      <subfield code="d">9999</subfield>
    </datafield>
    <datafield tag="042" ind1=" " ind2=" ">
      <subfield code="a">gnd1</subfield>
    </datafield>
    <datafield tag="043" ind1=" " ind2=" ">
      <subfield code="c">XB-IR</subfield>
    </datafield>
    <datafield tag="065" ind1=" " ind2=" ">
      <subfield code="a">3.1p</subfield>
      <subfield code="2">sswd</subfield>
    </datafield>
    <datafield tag="075" ind1=" " ind2=" ">
      <subfield code="b">p</subfield>
      <subfield code="2">gndgen</subfield>
    </datafield>
    <datafield tag="075" ind1=" " ind2=" ">
      <subfield code="b">piz</subfield>
      <subfield code="2">gndspec</subfield>
    </datafield>
    <datafield tag="079" ind1=" " ind2=" ">
      <subfield code="a">g</subfield>
      <subfield code="q">f</subfield>
      <subfield code="q">e</subfield>
      <subfield code="q">o</subfield>
      <subfield code="q">s</subfield>
    </datafield>
    <datafield tag="100" ind1="1" ind2=" ">
      <subfield code="a">Nasafī, ʿAzīz-ad-Dīn Ibn-Muḥammad &#152;an-&#156;</subfield>
      <subfield code="d">ca. 13. Jh.</subfield>
    </datafield>
    <datafield tag="400" ind1="1" ind2=" ">
      <subfield code="a">Nasafī, ʿAzīz-ad-Dīn</subfield>
      <subfield code="d">ca. 13. Jh.</subfield>
    </datafield>
    <datafield tag="400" ind1="1" ind2=" ">
      <subfield code="a">Nasafī, ʿAzīz Ibn-Muḥammad &#152;an-&#156;</subfield>
      <subfield code="d">ca. 13. Jh.</subfield>
    </datafield>
    <datafield tag="400" ind1="0" ind2=" ">
      <subfield code="a">ʿAzīz Ibn-Muḥammed</subfield>
      <subfield code="d">ca. 13. Jh.</subfield>
    </datafield>
    <datafield tag="400" ind1="1" ind2=" ">
      <subfield code="a">Nesefī, ʿAzīz Ibn-Muḥammed &#152;en&#156;</subfield>
      <subfield code="d">ca. 13. Jh.</subfield>
    </datafield>
    <datafield tag="400" ind1="0" ind2=" ">
      <subfield code="a">ʿAzīz Ibn-Muḥammad an-Nasafī</subfield>
      <subfield code="d">ca. 13. Jh.</subfield>
    </datafield>
    <datafield tag="400" ind1="1" ind2=" ">
      <subfield code="a">Nesephaeus, Azizus</subfield>
      <subfield code="d">ca. 13. Jh.</subfield>
    </datafield>
    <datafield tag="400" ind1="0" ind2=" ">
      <subfield code="a">Azizus</subfield>
      <subfield code="c">Nesephaeus</subfield>
      <subfield code="d">ca. 13. Jh.</subfield>
    </datafield>
    <datafield tag="400" ind1="0" ind2=" ">
      <subfield code="a">Azizus Nesephaeus</subfield>
      <subfield code="c">Tatarus</subfield>
      <subfield code="d">ca. 13. Jh.</subfield>
    </datafield>
    <datafield tag="400" ind1="0" ind2=" ">
      <subfield code="a">ʿAzīz-i Nasafī</subfield>
      <subfield code="d">ca. 13. Jh.</subfield>
    </datafield>
    <datafield tag="400" ind1="1" ind2=" ">
      <subfield code="a">Nasafī, ʿAzīzoddīn</subfield>
      <subfield code="d">ca. 13. Jh.</subfield>
      <subfield code="9">v:SWB-AK</subfield>
    </datafield>
    <datafield tag="400" ind1="0" ind2=" ">
      <subfield code="a">ʿAzîz Nasafî</subfield>
      <subfield code="d">ca. 13. Jh.</subfield>
      <subfield code="9">v:SWB-AK</subfield>
    </datafield>
    <datafield tag="400" ind1="0" ind2=" ">
      <subfield code="a">'Azîz Ibn-Mohammad al-Nasafî</subfield>
      <subfield code="d">ca. 13. Jh.</subfield>
      <subfield code="9">v:SWB-AK</subfield>
    </datafield>
    <datafield tag="400" ind1="1" ind2=" ">
      <subfield code="a">Nasafî, 'Azîz Ibn-Mohammad &#152;al-&#156;</subfield>
      <subfield code="d">ca. 13. Jh.</subfield>
      <subfield code="9">v:SWB-AK</subfield>
    </datafield>
    <datafield tag="400" ind1="0" ind2=" ">
      <subfield code="a">ʿAzīz-ad-Dīn Nasafī</subfield>
      <subfield code="d">ca. 13. Jh.</subfield>
      <subfield code="9">v:SWB-AK</subfield>
    </datafield>
    <datafield tag="400" ind1="1" ind2=" ">
      <subfield code="a">Nasafī, ʿAbd-al-ʿAzīz Ibn-Muḥammad</subfield>
      <subfield code="d">ca. 13. Jh.</subfield>
      <subfield code="9">v:SWB-AK</subfield>
    </datafield>
    <datafield tag="400" ind1="0" ind2=" ">
      <subfield code="a">ʿAbd-al-ʿAzīz Ibn-Muḥammad Nasafī</subfield>
      <subfield code="d">ca. 13. Jh.</subfield>
      <subfield code="9">v:SWB-AK</subfield>
    </datafield>
    <datafield tag="400" ind1="1" ind2=" ">
      <subfield code="a">Nasafi, 'Abd al-'Aziz ibn Moḥammad</subfield>
      <subfield code="d">ca. 13. Jh.</subfield>
      <subfield code="9">v:SWB-AK</subfield>
    </datafield>
    <datafield tag="400" ind1="1" ind2=" ">
      <subfield code="a">Aziz, Neseph</subfield>
      <subfield code="d">ca. 13. Jh.</subfield>
      <subfield code="9">v:SWB-AK</subfield>
    </datafield>
    <datafield tag="400" ind1="1" ind2=" ">
      <subfield code="a">Nasafī, ʿAzīz al-Dīn ibn Muḥammad</subfield>
      <subfield code="d">ca. 13. Jh.</subfield>
    </datafield>
    <datafield tag="548" ind1=" " ind2=" ">
      <subfield code="a">ca. 13. Jh.</subfield>
      <subfield code="4">datl</subfield>
      <subfield code="4">https://d-nb.info/standards/elementset/gnd#associatedDate</subfield>
      <subfield code="w">r</subfield>
      <subfield code="i">Lebensdaten</subfield>
    </datafield>
    <datafield tag="667" ind1=" " ind2=" ">
      <subfield code="a">VD-17</subfield>
    </datafield>
    <datafield tag="667" ind1=" " ind2=" ">
      <subfield code="a">Red. SSG</subfield>
    </datafield>
    <datafield tag="670" ind1=" " ind2=" ">
      <subfield code="a">EI 2</subfield>
    </datafield>
    <datafield tag="678" ind1=" " ind2=" ">
      <subfield code="b">Zubdat al-ḥaqāyiq; Pers. Mystiker</subfield>
    </datafield>
    <datafield tag="700" ind1="1" ind2="4">
      <subfield code="9">U:Arab</subfield>
      <subfield code="a">نسفی, عزیز الدین بن محمد</subfield>
      <subfield code="d">ca. 13. Jh.</subfield>
      <subfield code="9">v:Original</subfield>
    </datafield>
    <datafield tag="913" ind1=" " ind2=" ">
      <subfield code="S">pnd</subfield>
      <subfield code="i">a</subfield>
      <subfield code="a">Nasafī, ʿAzīz-ad-Dīn Ibn-Muḥammad /an-</subfield>
      <subfield code="0">(DE-588a)121232840</subfield>
    </datafield>
  </record>
